<record><leader>00000cas a22000007a 4500</leader><controlfield tag="001">20789332</controlfield><controlfield tag="008">891215c19899999mnuwr ne      0   a0eng d</controlfield><datafield ind1=" " ind2=" " tag="010"><subfield code="a">sn 89064751 </subfield></datafield><datafield ind1=" " ind2=" " tag="040"><subfield code="a">MN#</subfield><subfield code="b">eng</subfield><subfield code="c">MN#</subfield><subfield code="d">NSD</subfield><subfield code="d">OCLCQ</subfield><subfield code="d">NSD</subfield><subfield code="d">OCLCQ</subfield><subfield code="d">OCLCF</subfield><subfield code="d">OCLCO</subfield></datafield><datafield ind1=" " ind2=" " tag="012"><subfield code="m">d</subfield></datafield><datafield ind1="1" ind2=" " tag="022"><subfield code="a">1084-466X</subfield><subfield code="l">1084-466X</subfield><subfield code="2">1</subfield></datafield><datafield ind1="1" ind2=" " tag="029"><subfield code="a">AU@</subfield><subfield code="b">000020617378</subfield></datafield><datafield ind1=" " ind2=" " tag="042"><subfield code="a">msc</subfield><subfield code="a">nsdp</subfield></datafield><datafield ind1=" " ind2=" " tag="043"><subfield code="a">n-us-mn</subfield></datafield><datafield ind1=" " ind2=" " tag="052"><subfield code="a">4144</subfield><subfield code="b">R46</subfield><subfield code="b">S13</subfield></datafield><datafield ind1=" " ind2=" " tag="052"><subfield code="a">4143</subfield><subfield code="b">R5</subfield></datafield><datafield ind1=" " ind2="0" tag="222"><subfield code="a">Renville County star farmer news</subfield></datafield><datafield ind1="0" ind2="0" tag="245"><subfield code="a">Renville County star farmer news.</subfield></datafield><datafield ind1="1" ind2="3" tag="246"><subfield code="a">Star farmer news</subfield></datafield><datafield ind1=" " ind2=" " tag="260"><subfield code="a">Renville, Renville County, Minn. ;</subfield><subfield code="a">Sacred Heart, Minn. :</subfield><subfield code="b">Daniel A. Licklider, Sandra L. Licklider,</subfield><subfield code="c">1989-</subfield></datafield><datafield ind1=" " ind2=" " tag="300"><subfield code="a">v.</subfield></datafield><datafield ind1=" " ind2=" " tag="310"><subfield code="a">Weekly</subfield></datafield><datafield ind1="0" ind2=" " tag="362"><subfield code="a">Vol. 101, no. 35 (Oct. 4, 1989)-</subfield></datafield><datafield ind1=" " ind2=" " tag="530"><subfield code="a">Available on microfilm from the Minnesota Historical Society.</subfield></datafield><datafield ind1=" " ind2=" " tag="588"><subfield code="a">Latest issue consulted: Vol. 107, no. 28 (Aug. 9, 1995).</subfield></datafield><datafield ind1=" " ind2="0" tag="651"><subfield code="a">Renville (Minn.)</subfield><subfield code="v">Newspapers.</subfield></datafield><datafield ind1=" " ind2="0" tag="651"><subfield code="a">Sacred Heart (Minn.)</subfield><subfield code="v">Newspapers.</subfield></datafield><datafield ind1=" " ind2="7" tag="655"><subfield code="a">Newspapers.</subfield><subfield code="2">fast</subfield><subfield code="0">(OCoLC)fst01423814</subfield></datafield><datafield ind1=" " ind2="7" tag="651"><subfield code="a">Minnesota</subfield><subfield code="z">Renville.</subfield><subfield code="2">fast</subfield><subfield code="0">(OCoLC)fst01249525</subfield></datafield><datafield ind1=" " ind2="7" tag="651"><subfield code="a">Minnesota</subfield><subfield code="z">Sacred Heart.</subfield><subfield code="2">fast</subfield><subfield code="0">(OCoLC)fst01229658</subfield></datafield><datafield ind1=" " ind2=" " tag="752"><subfield code="a">United States</subfield><subfield code="b">Minnesota</subfield><subfield code="c">Renville</subfield><subfield code="d">Renville.</subfield></datafield><datafield ind1=" " ind2=" " tag="752"><subfield code="a">United States</subfield><subfield code="b">Minnesota</subfield><subfield code="c">Renville</subfield><subfield code="d">Sacred Heart.</subfield></datafield><datafield ind1="0" ind2="4" tag="780"><subfield code="t">Renville star-farmer</subfield><subfield code="w">(DLC)sn 89064746</subfield></datafield><datafield ind1="0" ind2="4" tag="780"><subfield code="t">Sacred Heart news</subfield><subfield code="w">(DLC)sn 89064755</subfield></datafield><datafield ind1="0" ind2="0" tag="785"><subfield code="t">Renville County regiater</subfield><subfield code="x">1942-4140</subfield><subfield code="w">(DLC)  2008215267</subfield></datafield></record>